@article{ref:MCC_aug,
  title={Cloud-based augmentation for mobile devices: motivation, taxonomies, and open challenges},
  author={S. Abolfazli and Z. Sanaei and E. Ahmed and A. Gani and R. Buyya},
  journal={IEEE Communications Surveys \& Tutorials},
  volume={16},
  number={1},
  pages={337--368},
  year={2014},
  publisher={IEEE}
}

@article{ref:cloudlet,
  title={The case for vm-based cloudlets in mobile computing},
  author={M. Satyanarayanan and P. Bahl and R. Caceres and N. Davies},
  journal={IEEE pervasive Computing},
  volume={8},
  number={4},
  year={2009},
  publisher={IEEE}
}

@article{ref:MCC_survey2,
  title={Mobile cloud computing for computation offloading: Issues and challenges},
  author={K. Akherfi and M. Gerndt and H. Harroud},
  journal={Applied Computing and Informatics},
  year={2016},
  publisher={Elsevier}
}

@article{ref:MCC_survey1,
  title={A survey of computation offloading for mobile systems},
  author={K. Kumar and J. Liu and Y. Lu and B. Bhargava},
  journal={Mobile Networks and Applications},
  volume={18},
  number={1},
  pages={129--140},
  year={2013},
  publisher={Springer}
}

@inproceedings{ref:cloud_mit,
  title={A cloud-assisted design for autonomous driving},
  author={S. Kumar and S. Gollakota and D. Katabi},
  booktitle={Proceedings of the first edition of the MCC workshop on Mobile cloud computing},
  pages={41--46},
  year={2012},
  organization={ACM}
}

@article{ref:motionplan_survey,
  title={A survey of motion planning and control techniques for self-driving urban vehicles},
  author={B. Paden and M. {\v{C}}{\'a}p and S. Z. Yong and D. Yershov and E. Frazzoli},
  journal={IEEE Transactions on Intelligent Vehicles},
  volume={1},
  number={1},
  pages={33--55},
  year={2016},
  publisher={IEEE}
}

@inproceedings{ref:carlog,
  title={{CARLOG}: A platform for flexible and efficient automotive sensing},
  author={Y. Jiang and H. Qiu and M. McCartney and W. Halfond and F. Bai and D. Grimm and R. Govindan},
  booktitle={Proceedings of the 12th ACM Conference on Embedded Network Sensor Systems},
  pages={221--235},
  year={2014},
  organization={ACM}
}

@inproceedings{ref:carloc,
  title={{CARLOC}: Precise positioning of automobiles},
  author={Y. Jiang and H. Qiu and M. McCartney and G. Sukhatme and M. Gruteser and F. Bai and D. Grimm and R. Govindan},
  booktitle={Proceedings of the 13th ACM Conference on Embedded Networked Sensor Systems},
  pages={253--265},
  year={2015},
  organization={ACM}
}

@presentation{ref:caas,
    author = {E. Hasan},
    title = {Control as a Service ({CaaS}) : Cloud-based Software
              Architecture for Automotive Control Applications},
    day = {13},
    year = {2015},
    URL = {http://terraswarm.org/pubs/565.html}
}

@article{ref:car_cloud,
  title={The car and the cloud: Automotive architectures for 2020},
  author={R. Mangharam},
  journal={The Bridge},
  year={2012}
}

@misc{ref:ns3_lte,
  author = {},
  title = {{NS3-LTE Library}},
  howpublished = "\url{https://www.nsnam.org/docs/models/html/lte.html}",
  year = {2016}, 
  note = "[Online; accessed Aug. 18, 2017]"
}

@misc{ref:matlab_rst,
  author = {},
  title = {Path following controller},
  howpublished = "\url{https://www.mathworks.com/help/robotics/examples/path-following-for-a-differential-drive-robot.html}",
  year = {2015}, 
  note = "[Online; accessed Aug. 18, 2017]"
}